@article{James:1975dr,
      author         = "James, F. and Roos, M.",
      title          = "{Minuit: A System for Function Minimization and Analysis
                        of the Parameter Errors and Correlations}",
      journal        = "Comput.Phys.Commun.",
      volume         = "10",
      pages          = "343",
      doi            = "10.1016/0010-4655(75)90039-9",
      year           = "1975",
      reportNumber   = "CERN-DD-75-20",
      SLACcitation   = "%%CITATION = CPHCB,10,343;%%",
}

@article{Kuhn:1998jr,
      author         = "Kuhn, Johann H. and Rodrigo, German",
      title          = "{Charge asymmetry in hadroproduction of heavy quarks}",
      journal        = "Phys.Rev.Lett.",
      volume         = "81",
      pages          = "49-52",
      doi            = "10.1103/PhysRevLett.81.49",
      year           = "1998",
      eprint         = "hep-ph/9802268",
      archivePrefix  = "arXiv",
      primaryClass   = "hep-ph",
      reportNumber   = "TTP-98-07",
      SLACcitation   = "%%CITATION = HEP-PH/9802268;%%",
}

@article{Abazov:2011rq,
      author         = "Abazov, Victor Mukhamedovich and others",
      title          = "{Forward-backward asymmetry in top quark-antiquark
                        production}",
      collaboration  = "D0 Collaboration",
      journal        = "Phys.Rev.",
      volume         = "D84",
      pages          = "112005",
      year           = "2011",
      eprint         = "1107.4995",
      archivePrefix  = "arXiv",
      primaryClass   = "hep-ex",
      reportNumber   = "FERMILAB-PUB-11-347-E",
      SLACcitation   = "%%CITATION = ARXIV:1107.4995;%%",
}

@article{Mangano:2006rw,
      author         = "Mangano, Michelangelo L. and Moretti, Mauro and
                        Piccinini, Fulvio and Treccani, Michele",
      title          = "{Matching matrix elements and shower evolution for
                        top-quark production in hadronic collisions}",
      journal        = "JHEP",
      volume         = "0701",
      pages          = "013",
      doi            = "10.1088/1126-6708/2007/01/013",
      year           = "2007",
      eprint         = "hep-ph/0611129",
      archivePrefix  = "arXiv",
      primaryClass   = "hep-ph",
      reportNumber   = "CERN-PH-TH-2006-232, FNT-T-2006-09",
      SLACcitation   = "%%CITATION = HEP-PH/0611129;%%",
}

@article{CDFnote9724:2009,
      author         = "{The CDF collaboration}",
      title          = "{M_easurement of the Forward-Backward Asymmetry in $t\bar{t}$ Production in 3.2 $fb^{-1}$ of $p\bar{p}$ Collisions at $\sqrt{s}=1.96$ TeV}",
      journal        = "",
      volume         = "",
      pages          = "",
      doi            = "",
      year           = "2009",
      eprint         = "",
      archivePrefix  = "",
      primaryClass   = "",
      howpublished   = "http://www\nobreakdash--cdf.fnal.gov/physics/new/\\
top/confNotes/cdfnote\_9724\_public\_v01-3.pdf",
}

@article{Kanzaki:2010ym,
      author         = "Kanzaki, J.",
      title          = "{Monte Carlo integration on GPU}",
      journal        = "Eur.Phys.J.",
      volume         = "C71",
      pages          = "1559",
      doi            = "10.1140/epjc/s10052-011-1559-8",
      year           = "2011",
      eprint         = "1010.2107",
      archivePrefix  = "arXiv",
      primaryClass   = "physics.comp-ph",
      SLACcitation   = "%%CITATION = ARXIV:1010.2107;%%",
}

@article{Bhattacharya:1988zp,
      author         = "Bhattacharya, Tanmoy and Roy, Probir",
      title          = "{TREE UNITARITY IN BROKEN SUPERGRAVITY. 2. DOUBLE
                        GRAVITINO AMPLITUDE}",
      journal        = "Nucl.Phys.",
      volume         = "B328",
      pages          = "481",
      doi            = "10.1016/0550-3213(89)90338-6",
      year           = "1989",
      reportNumber   = "TIFR/TH/88-41",
      SLACcitation   = "%%CITATION = NUPHA,B328,481;%%",
}

@article{Abazov:2011af,
      author         = "Abazov, V. M. and others",
      title          = "{Bounds on an anomalous dijet resonance in $W+$jets
                        production in ppbar collisions at $\sqrt{s} =1.96$ TeV}",
      collaboration  = "D0 Collaboration",
      journal        = "Phys.Rev.Lett.",
      volume         = "107",
      pages          = "011804",
      doi            = "10.1103/PhysRevLett.107.011804",
      year           = "2011",
      note           = "11 pages, 10 figures Published in Phys. Rev. Lett",
      eprint         = "1106.1921",
      archivePrefix  = "arXiv",
      primaryClass   = "hep-ex",
      reportNumber   = "FERMILAB-PUB-11-267-E",
      SLACcitation   = "%%CITATION = ARXIV:1106.1921;%%",
}

@article{Aaltonen:2011mk,
      author         = "Aaltonen, T. and others",
      title          = "{Invariant Mass Distribution of Jet Pairs Produced in
                        Association with a $W$ boson in $p \bar{p}$ Collisions at
                        $\sqrt{s}= 1.96$ TeV}",
      collaboration  = "CDF Collaboration",
      journal        = "Phys.Rev.Lett.",
      volume         = "106",
      pages          = "171801",
      doi            = "10.1103/PhysRevLett.106.171801",
      year           = "2011",
      eprint         = "1104.0699",
      archivePrefix  = "arXiv",
      primaryClass   = "hep-ex",
      reportNumber   = "FERMILAB-PUB-11-164-E",
      SLACcitation   = "%%CITATION = ARXIV:1104.0699;%%",
}

@article{Hollik:2011ps,
      author         = "Hollik, Wolfgang and Pagani, Davide",
      title          = "{The electroweak contribution to the top quark
                        forward-backward asymmetry at the Tevatron}",
      journal        = "Phys.Rev.",
      volume         = "D84",
      pages          = "093003",
      doi            = "10.1103/PhysRevD.84.093003",
      year           = "2011",
      note           = "14 pages, 8 figures",
      eprint         = "1107.2606",
      archivePrefix  = "arXiv",
      primaryClass   = "hep-ph",
      reportNumber   = "MPP-2011-82",
      SLACcitation   = "%%CITATION = ARXIV:1107.2606;%%",
}

@article{Kidonakis:2011zn,
      author         = "Kidonakis, Nikolaos",
      title          = "{The top quark rapidity distribution and forward-backward
                        asymmetry}",
      journal        = "Phys.Rev.",
      volume         = "D84",
      pages          = "011504",
      doi            = "10.1103/PhysRevD.84.011504",
      year           = "2011",
      eprint         = "1105.5167",
      archivePrefix  = "arXiv",
      primaryClass   = "hep-ph",
      SLACcitation   = "%%CITATION = ARXIV:1105.5167;%%",
}

@article{Almeida:2008ug,
      author         = "Almeida, Leandro G. and Sterman, George F. and Vogelsang,
                        Werner",
      title          = "{Threshold Resummation for the Top Quark Charge
                        Asymmetry}",
      journal        = "Phys.Rev.",
      volume         = "D78",
      pages          = "014008",
      doi            = "10.1103/PhysRevD.78.014008",
      year           = "2008",
      eprint         = "0805.1885",
      archivePrefix  = "arXiv",
      primaryClass   = "hep-ph",
      reportNumber   = "BNL-NT-08-13, YITP-SB-08-15",
      SLACcitation   = "%%CITATION = ARXIV:0805.1885;%%",
}

@article{Dittmaier:2007wz,
      author         = "Dittmaier, S. and Uwer, P. and Weinzierl, S.",
      title          = "{NLO QCD corrections to t anti-t + jet production at
                        hadron colliders}",
      journal        = "Phys.Rev.Lett.",
      volume         = "98",
      pages          = "262002",
      doi            = "10.1103/PhysRevLett.98.262002",
      year           = "2007",
      eprint         = "hep-ph/0703120",
      archivePrefix  = "arXiv",
      primaryClass   = "HEP-PH",
      SLACcitation   = "%%CITATION = HEP-PH/0703120;%%",
}

@article{Antunano:2007da,
      author         = "Antunano, Oscar and Kuhn, Johann H. and Rodrigo, German",
      title          = "{Top quarks, axigluons and charge asymmetries at hadron
                        colliders}",
      journal        = "Phys.Rev.",
      volume         = "D77",
      pages          = "014003",
      doi            = "10.1103/PhysRevD.77.014003",
      year           = "2008",
      eprint         = "0709.1652",
      archivePrefix  = "arXiv",
      primaryClass   = "hep-ph",
      reportNumber   = "IFIC-07-51, TTP07-25",
      SLACcitation   = "%%CITATION = ARXIV:0709.1652;%%",
}

@article{Bowen:2005ap,
      author         = "Bowen, M. T. and Ellis, S. D. and Rainwater, D.",
      title          = "{Standard model top quark asymmetry at the Fermilab
                        Tevatron}",
      journal        = "Phys.Rev.",
      volume         = "D73",
      pages          = "014008",
      doi            = "10.1103/PhysRevD.73.014008",
      year           = "2006",
      eprint         = "hep-ph/0509267",
      archivePrefix  = "arXiv",
      primaryClass   = "hep-ph",
      SLACcitation   = "%%CITATION = HEP-PH/0509267;%%",
}

@article{Kuhn:1998kw,
      author         = "Kuhn, Johann H. and Rodrigo, German",
      title          = "{Charge asymmetry of heavy quarks at hadron colliders}",
      journal        = "Phys.Rev.",
      volume         = "D59",
      pages          = "054017",
      doi            = "10.1103/PhysRevD.59.054017",
      year           = "1999",
      eprint         = "hep-ph/9807420",
      archivePrefix  = "arXiv",
      primaryClass   = "hep-ph",
      reportNumber   = "TTP-98-15",
      SLACcitation   = "%%CITATION = HEP-PH/9807420;%%",
}

@article{PhysRevLett.81.49,
  volume = {81},
  journal = {Phys. Rev. Lett.},
  author = {K\"uhn, J. H. and Rodrigo, G.},
  month = {Jul},
  url = {http://link.aps.org/doi/10.1103/PhysRevLett.81.49},
  doi = {10.1103/PhysRevLett.81.49},
  year = {1998},
  title = {Charge Asymmetry in Hadroproduction of Heavy Quarks},
  issue = {1},
  publisher = {American Physical Society},
  pages = {49--52}
}

@article {springerlink:10.1140/epjc/s10052-007-0490-5,
   author = {Alwall, J. and Hoche, S. and Krauss, F. and Lavesson, N. and Lonnblad, L. and Maltoni, F. and Mangano, M. L. and Moretti, M. and Papadopoulos, C. G. and Piccinini, F. and Schumann, S. and Treccani, M. and Winter, J. and Worek, M.},
   affiliation = {SLAC Menlo Park USA},
   title = {Comparative study of various algorithms for the merging of parton showers and matrix elements in hadronic collisions},
   journal = {The European Physical Journal C - Particles and Fields},
   publisher = {Springer Berlin / Heidelberg},
   issn = {1434-6044},
   keyword = {Physics and Astronomy},
   pages = {473-500},
   volume = {53},
   issue = {3},
   url = {http://dx.doi.org/10.1140/epjc/s10052-007-0490-5},
   year = {2008}
}

@article{Melnikov:2011qx,
      author         = "Melnikov, Kirill and Scharf, Andreas and Schulze, Markus",
      title          = "{Top quark pair production in association with a jet: QCD
                        corrections and jet radiation in top quark decays}",
      journal        = "Phys.Rev.",
      volume         = "D85",
      pages          = "054002",
      doi            = "10.1103/PhysRevD.85.054002",
      year           = "2012",
      eprint         = "1111.4991",
      archivePrefix  = "arXiv",
      primaryClass   = "hep-ph",
      reportNumber   = "ANL-HEP-PR-11-76",
      SLACcitation   = "%%CITATION = ARXIV:1111.4991;%%",
}

@article{Aaltonen:2011kc,
      author         = "Aaltonen, T. and others",
      title          = "{Evidence for a Mass Dependent Forward-Backward Asymmetry
                        in Top Quark Pair Production}",
      collaboration  = "CDF Collaboration",
      journal        = "Phys.Rev.",
      volume         = "D83",
      pages          = "112003",
      doi            = "10.1103/PhysRevD.83.112003",
      year           = "2011",
      eprint         = "1101.0034",
      archivePrefix  = "arXiv",
      primaryClass   = "hep-ex",
      reportNumber   = "FERMILAB-PUB-10-525-E",
      SLACcitation   = "%%CITATION = ARXIV:1101.0034;%%",
}

@article{PhysRevD.48.R1910,
  volume = {48},
  journal = {Phys. Rev. D},
  author = {Je\ifmmode \dot{z}\else \.{z}\fi{}abek, Marek and K\"uhn, Johann H.},
  month = {Sep},
  url = {http://link.aps.org/doi/10.1103/PhysRevD.48.R1910},
  doi = {10.1103/PhysRevD.48.R1910},
  year = {1993},
  title = {Top quark width: Theoretical update},
  issue = {5},
  publisher = {American Physical Society},
  pages = {R1910--R1913}
}

@article{Abazov:2011mi,
      author         = "Abazov, Victor Mukhamedovich and others",
      title          = "{Measurement of the top quark pair production cross
                        section in the lepton+jets channel in proton-antiproton
                        collisions at $\sqrt{s}$=1.96 TeV}",
      collaboration  = "D0 Collaboration",
      journal        = "Phys.Rev.",
      volume         = "D84",
      pages          = "012008",
      doi            = "10.1103/PhysRevD.84.012008",
      year           = "2011",
      eprint         = "1101.0124",
      archivePrefix  = "arXiv",
      primaryClass   = "hep-ex",
      reportNumber   = "FERMILAB-PUB-10-544-E",
      SLACcitation   = "%%CITATION = ARXIV:1101.0124;%%",
}

@article{DelDuca:1999rs,
      author         = "Del Duca, Vittorio and Dixon, Lance J. and Maltoni,
                        Fabio",
      title          = "{New color decompositions for gauge amplitudes at tree
                        and loop level}",
      journal        = "Nucl.Phys.",
      volume         = "B571",
      pages          = "51-70",
      doi            = "10.1016/S0550-3213(99)00809-3",
      year           = "2000",
      eprint         = "hep-ph/9910563",
      archivePrefix  = "arXiv",
      primaryClass   = "hep-ph",
      reportNumber   = "SLAC-PUB-8294, DFTT-53-99",
      SLACcitation   = "%%CITATION = HEP-PH/9910563;%%",
}

@article{Alwall2007300,
title = "A standard format for Les Houches Event Files",
journal_full = "Computer Physics Communications",
journal = "Compt. Phys. Commun.",
volume = "176",
number = "4",
pages = "300",
year = "2007",
note = "",
issn = "0010-4655",
doi = "10.1016/j.cpc.2006.11.010",
url = "http://www.sciencedirect.com/science/article/pii/S0010465506004164",
author_full = "J. Alwall and A. Ballestrero and P. Bartalini and S. Belov and E. Boos and A. Buckley and J.M. Butterworth and L. Dudko and S. Frixione and L. Garren and S. Gieseke and A. Gusev and I. Hinchliffe and J. Huston and B. Kersevan and F. Krauss and N. Lavesson and L. Lonnblad and E. Maina and F. Maltoni and M.L. Mangano and F. Moortgat and S. Mrenna and C.G. Papadopoulos and R. Pittau and P. Richardson and M.H. Seymour and A. Sherstnev and T. Sjostrand and P. Skands and S.R. Slabospitsky and Z. Wais and B.R. Webber and M. Worek and D. Zeppenfeld",
author = "J. Alwall and A. Ballestrero and P. Bartalini and S. Belov and E. Boos and others",
keywords = "Event generators",
keywords = "Les Houches Accord",
keywords = "File format"
}

@article{Byckling1969568,
title = "n-particle phase space in terms of invariant momentum transfers",
journal_full = "Nuclear Physics B",
journal = "Nucl. Phys. B",
volume = "9",
number = "4",
pages = "568",
year = "1969",
note = "",
issn = "0550-3213",
doi = "10.1016/0550-3213(69)90271-5",
url = "http://www.sciencedirect.com/science/article/pii/0550321369902715",
author = "E. Byckling and K. Kajantie"
}

@article{Kawabata:1986,
      author         = "Kawabata, S.",
      title          = "{A NEW MONTE CARLO EVENT GENERATOR FOR HIGH ENERGY PHYSICS}",
      journal        = "Compt. Phys. Commun.",
      volume         = "41",
      pages          = "127",
      year           = "1986",
}

@article{Kleiss:1988ne,
      author         = "Kleiss, Ronald and Kuijf, Hans",
      title          = "{MULTI - GLUON CROSS-SECTIONS AND FIVE JET PRODUCTION AT
                        HADRON COLLIDERS}",
      journal        = "Nucl.Phys.",
      volume         = "B312",
      pages          = "616",
      doi            = "10.1016/0550-3213(89)90574-9",
      year           = "1989",
      reportNumber   = "Print-88-0425 (LEIDEN)",
      SLACcitation   = "%%CITATION = NUPHA,B312,616;%%",
}

@article{Lepage:1980dq,
      author         = "Lepage, G. Peter",
      title          = "{VEGAS: AN ADAPTIVE MULTIDIMENSIONAL INTEGRATION
                        PROGRAM}",
      year           = "1980",
      reportNumber   = "CLNS-80/447",
      journal        = "CLNS-80/447",
      SLACcitation   = "%%CITATION = CLNS-80/447 ETC.;%%",
}

@article{Kleiss:1994qy,
      author         = "Kleiss, Ronald and Pittau, Roberto",
      title          = "{Weight optimization in multichannel Monte Carlo}",
      journal        = "Comput. Phys. Commun.",
      volume         = "83",
      pages          = "141",
      doi            = "10.1016/0010-4655(94)90043-4",
      year           = "1994",
      eprint         = "hep-ph/9405257",
      archivePrefix  = "arXiv",
      primaryClass   = "hep-ph",
      reportNumber   = "NIKHEF-H-94-17, INLO-PUB-4-94",
      SLACcitation   = "%%CITATION = HEP-PH/9405257;%%",
}

@article{Alwall:2011uj,
      author         = "Alwall, Johan and Herquet, Michel and Maltoni, Fabio and
                        Mattelaer, Olivier and Stelzer, Tim",
      title          = "{MadGraph 5 : Going Beyond}",
      journal        = "JHEP",
      volume         = "1106",
      pages          = "128",
      doi            = "10.1007/JHEP06(2011)128",
      year           = "2011",
      eprint         = "1106.0522",
      archivePrefix  = "arXiv",
      primaryClass   = "hep-ph",
}

@article{HELAS,
      author         = "Hagiwara, Kaoru and Murayama, Hitoshi and Watanabe, I",
      title          = "{HELAS}",
      journal        = "Nucl. Phys.",
      volume         = "B367",
      pages          = "257",
      year           = "1992",
      eprint         = "",
      archivePrefix  = "",
      primaryClass   = "",
}

@article{Maltoni:2002qb,
      author         = "Maltoni, Fabio and Stelzer, Tim",
      title          = "{MadEvent: Automatic event generation with MadGraph}",
      journal        = "JHEP",
      volume         = "0302",
      pages          = "027",
      year           = "2003",
      eprint         = "hep-ph/0208156",
      archivePrefix  = "arXiv",
      primaryClass   = "hep-ph",
}

@article{Stelzer:1994ta,
      author         = "Stelzer, T. and Long, W. F.",
      title          = "{Automatic generation of tree level helicity amplitudes}",
      journal        = "Comput. Phys. Commun.",
      volume         = "81",
      pages          = "357",
      doi            = "10.1016/0010-4655(94)90084-1",
      year           = "1994",
      eprint         = "hep-ph/9401258",
      archivePrefix  = "arXiv",
      primaryClass   = "hep-ph",
}

@article{Alwall:2007st,
      author         = "Alwall, Johan and Demin, Pavel and de Visscher, Simon and
                        Frederix, Rikkert and Herquet, Michel and others",
      title          = "{MadGraph/MadEvent v4: The New Web Generation}",
      journal        = "JHEP",
      volume         = "0709",
      pages          = "028",
      doi            = "10.1088/1126-6708/2007/09/028",
      year           = "2007",
      eprint         = "0706.2334",
      archivePrefix  = "arXiv",
      primaryClass   = "hep-ph",
}

@article{Hagiwara:2009aq,
      author         = "Hagiwara, K. and Kanzaki, J. and Okamura, N. and
                        Rainwater, D. and Stelzer, T.",
      title          = "{Fast calculation of HELAS amplitudes using graphics
                        processing unit (GPU)}",
      journal        = "Eur.Phys.J.",
      volume         = "C66",
      pages          = "477",
      doi            = "10.1140/epjc/s10052-010-1276-8",
      year           = "2010",
      eprint         = "0908.4403",
      archivePrefix  = "arXiv",
      primaryClass   = "physics.comp-ph",
      SLACcitation   = "%%CITATION = ARXIV:0908.4403;%%",
}       

@article {springerlink:10.1140/epjc/s10052-010-1465-5,
   author = {Hagiwara, K. and Kanzaki, J. and Okamura, N. and Rainwater, D. and Stelzer, T.},
   affiliation = {KEK Theory Center and Sokendai, Tsukuba, 305-0801 Japan},
   title = {Calculation of HELAS amplitudes for QCD processes using graphics processing unit (GPU)},
   journal_full = {The European Physical Journal C - Particles and Fields},
   journal = {Eur. Phys. J. C},
   publisher = {Springer Berlin / Heidelberg},
   issn = {1434-6044},
   keyword = {Physics and Astronomy},
   pages = {513},
   volume = {70},
   issue = {1},
   url = {http://dx.doi.org/10.1140/epjc/s10052-010-1465-5},
   year = {2010}
}

@article{Hagiwara:2009aq-ibidC70(2010)513,
      author         = "Hagiwara, K. and Kanzaki, J. and Okamura, N. and
                        Rainwater, D. and Stelzer, T.",
      title          = "{Fast calculation of HELAS amplitudes using graphics
                        processing unit (GPU)}",
      journal        = "Eur.Phys.J.",
      volume         = "C66",
      pages          = "477; K. Hagiwara, J. Kanzaki, N. Okamura, D. Rainwater, T. Stelzer, Eur.Phys.J. C70 (2010) 513.",
      doi            = "10.1140/epjc/s10052-010-1276-8",
      year           = "2010",
      eprint         = "0908.4403",
      archivePrefix  = "arXiv",
      primaryClass   = "physics.comp-ph",
      SLACcitation   = "%%CITATION = ARXIV:0908.4403;%%",
}       

@article {GPU,
   author = {Hagiwara, K. and Kanzaki, J. and Li, Q. and Okamura, N. and Stelzer, T.},
   affiliation = {KEK Theory Center and Sokendai, Tsukuba, 305-0801 Japan},
   journal = "{in preparation}"
}
@comment{  title = {Fast calculation of HELAS amplitudes using graphics processing unit (GPU)},}
@comment{journal = "{arXiv: 0909.}",}
@comment{   year = {2009}

@article{Mangano:2002ea,
     author    = "Mangano, Michelangelo L. and Moretti, Mauro and Piccinini,
                  Fulvio and Pittau, Roberto and Polosa, Antonio D.",
     title     = "{ALPGEN, a generator for hard multiparton processes in
                  hadronic  collisions}",
     journal   = "JHEP",
     volume    = "07",
     year      = "2003",
     pages     = "001",
     eprint    = "hep-ph/0206293",
     archivePrefix = "arXiv",
     SLACcitation  = "%%CITATION = HEP-PH/0206293;%%"
}

@article{Gleisberg:2008fv,
      author         = "Gleisberg, Tanju and Hoeche, Stefan",
      title          = "{Comix, a new matrix element generator}",
      journal        = "JHEP",
      volume         = "0812",
      pages          = "039",
      doi            = "10.1088/1126-6708/2008/12/039",
      year           = "2008",
      eprint         = "0808.3674",
      archivePrefix  = "arXiv",
      primaryClass   = "hep-ph",
      reportNumber   = "SLAC-PUB-13232, IPPP-08-31, DCPT-08-62, MCNET-08-08",
      SLACcitation   = "%%CITATION = ARXIV:0808.3674;%%",
}

@Article{Belanger:2003sd,
     author    = "Belanger, G. and others",
     title     = "{Automatic calculations in high energy physics and Grace at
                  one-loop}",
     journal   = "Phys. Rept.",
     volume    = "430",
     year      = "2006",
     pages     = "117",
     eprint    = "hep-ph/0308080",
     archivePrefix = "arXiv",
     doi       = "10.1016/j.physrep.2006.02.001",
     SLACcitation  = "%%CITATION = HEP-PH/0308080;%%"
}

@article{Pukhov:2004ca,
      author         = "Pukhov, A.",
      title          = "{CalcHEP 2.3: MSSM, structure functions, event
                        generation, batchs, and generation of matrix elements for
                        other packages}",
      year           = "2004",
      eprint         = "hep-ph/0412191",
      archivePrefix  = "arXiv",
      primaryClass   = "hep-ph",
      SLACcitation   = "%%CITATION = HEP-PH/0412191;%%",
}

@article{Kilian:2007gr,
      author         = "Kilian, Wolfgang and Ohl, Thorsten and Reuter, Jurgen",
      title          = "{WHIZARD: Simulating Multi-Particle Processes at LHC and
                        ILC}",
      journal        = "Eur. Phys. J.",
      volume         = "C71",
      pages          = "1742",
      doi            = "10.1140/epjc/s10052-011-1742-y",
      year           = "2011",
      eprint         = "0708.4233",
      archivePrefix  = "arXiv",
      primaryClass   = "hep-ph",
      reportNumber   = "DESY-11-126, EDINBURGH-2010-36, FR-PHENO-2010-037,
                        SI-HEP-2010-18",
      SLACcitation   = "%%CITATION = ARXIV:0708.4233;%%",
}

@article{Cafarella:2007pc,
      author         = "Cafarella, Alessandro and Papadopoulos, Costas G. and
                        Worek, Malgorzata",
      title          = "{Helac-Phegas: A Generator for all parton level
                        processes}",
      journal        = "Comput. Phys. Commun.",
      volume         = "180",
      pages_full          = "1941-1955",
      pages          = "1941",
      doi            = "10.1016/j.cpc.2009.04.023",
      year           = "2009",
      eprint         = "0710.2427",
      archivePrefix  = "arXiv",
      primaryClass   = "hep-ph",
      SLACcitation   = "%%CITATION = ARXIV:0710.2427;%%",
}

@article{Sjostrand:2006za,
      author         = "Sjostrand, Torbjorn and Mrenna, Stephen and Skands, Peter
                        Z.",
      title          = "{PYTHIA 6.4 Physics and Manual}",
      journal        = "JHEP",
      volume         = "0605",
      pages          = "026",
      doi            = "10.1088/1126-6708/2006/05/026",
      year           = "2006",
      eprint         = "hep-ph/0603175",
      archivePrefix  = "arXiv",
      primaryClass   = "hep-ph",
      reportNumber   = "FERMILAB-PUB-06-052-CD-T, LU-TP-06-13",
      SLACcitation   = "%%CITATION = HEP-PH/0603175;%%",
}

@article{Gieseke:2011na,
      author         = "Gieseke, S. and Grellscheid, D. and Hamilton, K. and
                        Papaefstathiou, A. and Platzer, S. and others",
      title          = "{Herwig++ 2.5 Release Note}",
      year           = "2011",
      eprint         = "1102.1672",
      archivePrefix  = "arXiv",
      primaryClass   = "hep-ph",
      journal        = "arXiv: 1102.1672", 
      reportNumber   = "IPPP-11-09, MCNET-11-04, DCPT-11-18, DESY-11-018,
                        KA-TP-04-2011",
      SLACcitation   = "%%CITATION = ARXIV:1102.1672;%%",
}

@article{Archibald:2008zza,
      author         = "Archibald, Jennifer and Gleisberg, Tanju and Hoeche,
                        Stefan and Krauss, Frank and Schonherr, Marek and others",
      title          = "{Recent developments in SHERPA}",
      journal        = "Nucl. Phys. Proc. Suppl.",
      volume         = "183",
      pages_full     = "60-66",
      pages          = "60",
      doi            = "10.1016/j.nuclphysbps.2008.09.083",
      year           = "2008",
      reportNumber   = "FERMILAB-PUB-08-610-T",
      SLACcitation   = "%%CITATION = NUPHZ,183,60;%%",
}

@article{Lonnblad:1992tz,
      author         = "Lonnblad, Leif",
      title          = "{ARIADNE version 4: A Program for simulation of QCD
                        cascades implementing the color dipole model}",
      journal        = "Comput. Phys. Commun.",
      volume         = "71",
      pages          = "15",
      doi            = "10.1016/0010-4655(92)90068-A",
      year           = "1992",
      reportNumber   = "DESY-92-046",
      SLACcitation   = "%%CITATION = CPHCB,71,15;%%",
}

@article{Hagiwara:2010pi,
      author         = "Hagiwara, K. and Mawatari, K. and Takaesu, Y.",
      title          = "{HELAS and MadGraph with spin-3/2 particles}",
      journal        = "Eur. Phys. J.",
      volume         = "C71",
      pages          = "1529",
      doi            = "10.1140/epjc/s10052-010-1529-6",
      year           = "2011",
      eprint         = "1010.4255",
      archivePrefix  = "arXiv",
      primaryClass   = "hep-ph",
      reportNumber   = "KEK-TH-1417, HD-THEP-10-20",
      SLACcitation   = "%%CITATION = ARXIV:1010.4255;%%",
}

@article{Hagiwara:2008jb,
      author         = "Hagiwara, Kaoru and Kanzaki, Junichi and Li, Qiang and
                        Mawatari, Kentarou",
      title          = "{HELAS and MadGraph/MadEvent with spin-2 particles}",
      journal        = "Eur. Phys. J.",
      volume         = "C56",
      pages          = "435",
      doi            = "10.1140/epjc/s10052-008-0663-x",
      year           = "2008",
      eprint         = "0805.2554",
      archivePrefix  = "arXiv",
      primaryClass   = "hep-ph",
      SLACcitation   = "%%CITATION = ARXIV:0805.2554;%%",
}

@article{deAquino:2011ub,
      author         = "de Aquino, Priscila and Link, William and Maltoni, Fabio
                        and Mattelaer, Olivier and Stelzer, Tim",
      title          = "{ALOHA: Automatic Libraries Of Helicity Amplitudes for
                        Feynman diagram computations}",
      year           = "2011",
      eprint         = "1108.2041",
      archivePrefix  = "arXiv",
      primaryClass   = "hep-ph",
      journal        = "arXiv: 1108.2041",
      reportNumber   = "CP3-11-26",
      SLACcitation   = "%%CITATION = ARXIV:1108.2041;%%",
}

@article{Christensen:2008py,
      author         = "Christensen, Neil D. and Duhr, Claude",
      title          = "{FeynRules - Feynman rules made easy}",
      journal        = "Comput. Phys. Commun.",
      volume         = "180",
      pages_full          = "1614-1641",
      pages          = "1614",
      doi            = "10.1016/j.cpc.2009.02.018",
      year           = "2009",
      eprint         = "0806.4194",
      archivePrefix  = "arXiv",
      primaryClass   = "hep-ph",
      reportNumber   = "MSUHEP-080616, CP3-08-20",
      SLACcitation   = "%%CITATION = ARXIV:0806.4194;%%",
}

@article{Ovyn:2009tx,
      author         = "Ovyn, S. and Rouby, X. and Lemaitre, V.",
      title          = "{DELPHES, a framework for fast simulation of a generic
                        collider experiment}",
      year           = "2009",
      eprint         = "0903.2225",
      archivePrefix  = "arXiv",
      primaryClass   = "hep-ph",
      journal        = "arXiv: 0903.2225",
      reportNumber   = "CP3-09-01",
      SLACcitation   = "%%CITATION = ARXIV:0903.2225;%%",
}

@article{Artoisenet:2008zz,
      author         = "Artoisenet, Pierre and Mattelaer, Olivier",
      title          = "{MadWeight: Automatic event reweighting with matrix
                        elements}",
      journal        = "PoS",
      volume         = "CHARGED2008",
      pages          = "25",
      year           = "2008",
      SLACcitation   = "%%CITATION = POSCI,CHARGED2008,025;%%",
}

@article{Frederix:2011ig,
      author         = "Frederix, Rikkert and Frixione, Stefano and Hirschi,
                        Valentin and Maltoni, Fabio and Pittau, Roberto and
                        others",
      title          = "{aMC@NLO predictions for Wjj production at the Tevatron}",
      year           = "2011",
      eprint         = "1110.5502",
      archivePrefix  = "arXiv",
      primaryClass   = "hep-ph",
      journal        = "arXiv: 1110.5502",
      reportNumber   = "CERN-PH-TH-2011-226, CP3-11-29, ZU-TH-16-11",
      SLACcitation   = "%%CITATION = ARXIV:1110.5502;%%",
}

@article{Frixione:2011kh,
      author         = "Frixione, Stefano",
      title          = "{Colourful FKS subtraction}",
      journal        = "JHEP",
      volume         = "1109",
      pages          = "091",
      doi            = "10.1007/JHEP09(2011)091",
      year           = "2011",
      eprint         = "1106.0155",
      archivePrefix  = "arXiv",
      primaryClass   = "hep-ph",
      reportNumber   = "CERN-PH-TH-2011-124",
      SLACcitation   = "%%CITATION = ARXIV:1106.0155;%%",
}

@article{Giele:2010ks,
      author         = "Giele, Walter and Stavenga, Gerben and Winter,
                        Jan-Christopher",
      title          = "{Thread-Scalable Evaluation of Multi-Jet Observables}",
      journal        = "Eur. Phys. J.",
      volume         = "C71",
      pages          = "1703",
      doi            = "10.1140/epjc/s10052-011-1703-5",
      year           = "2011",
      eprint         = "1002.3446",
      archivePrefix  = "arXiv",
      primaryClass   = "hep-ph",
      reportNumber   = "FERMILAB-PUB-10-025-T",
      SLACcitation   = "%%CITATION = ARXIV:1002.3446;%%",
}

@article{PhysRevD.67.014026,
  volume = {67},
  journal = {Phys. Rev. D},
  month = {Jan},
  numpages = {12},
  author = {Maltoni, F. and Paul, K. and Stelzer, T. and Willenbrock, S.},
  title = {Color-flow decomposition of QCD amplitudes},
  year = {2003},
  url = {http://link.aps.org/doi/10.1103/PhysRevD.67.014026},
  doi = {10.1103/PhysRevD.67.014026},
  issue = {1},
  publisher = {American Physical Society},
  pages = {014026}
}

@article{PhysRevD.73.054002,
  volume = {73},
  journal = {Phys. Rev. D},
  month = {Mar},
  numpages = {16},
  author = {Cho, G. C. and Hagiwara, K. and Kanzaki, J. and Plehn, T. and Rainwater, D. and Stelzer, T.},
  title = {Weak boson fusion production of supersymmetric particles at the CERN LHC},
  year = {2006},
  url = {http://link.aps.org/doi/10.1103/PhysRevD.73.054002},
  doi = {10.1103/PhysRevD.73.054002},
  issue = {5},
  publisher = {American Physical Society},
  pages = {054002}
}

@article{Mangano:1990by,
      author         = "Mangano, Michelangelo L. and Parke, Stephen J.",
      title          = "{Multiparton amplitudes in gauge theories}",
      journal        = "Phys. Rept.",
      volume         = "200",
      pages_full          = "301-367",
      pages          = "301",
      doi            = "10.1016/0370-1573(91)90091-Y",
      year           = "1991",
      eprint         = "hep-th/0509223",
      archivePrefix  = "arXiv",
      primaryClass   = "hep-th",
      reportNumber   = "FERMILAB-PUB-90-113-T",
      SLACcitation   = "%%CITATION = HEP-TH/0509223;%%",
}

@article{Lai:1999wy,
      author         = "Lai, H. L. and others",
      title          = "{Global QCD analysis of parton structure of the nucleon:
                        CTEQ5 parton distributions}",
      collaboration  = "CTEQ Collaboration",
      journal        = "Eur. Phys. J.",
      volume         = "C12",
      pages          = "375-392",
      doi            = "10.1007/s100529900196",
      year           = "2000",
      eprint         = "hep-ph/9903282",
      archivePrefix  = "arXiv",
      primaryClass   = "hep-ph",
      reportNumber   = "MSUHEP-903100, FERMILAB-PUB-00-266-E",
      SLACcitation   = "%%CITATION = HEP-PH/9903282;%%",
}