@article{Makiiii:1962mu,
      author         = "Makiiii, Ziro and Nakagawa, Masami and Sakata, Shoichi",
      title          = "{Remarks on the unified model of elementary particles}",
      journal        = "Prog.Theor.Phys.",
      volume         = "28",
      pages          = "870-880",
      doi            = "10.1143/PTP.28.870",
      year           = "1962",
      SLACcitation   = "%%CITATION = PTPKA,28,870;%%",
}
