@misc{Eres,
      note          =
"X. Qian and Y. Wang, private communication."
}

@misc{Error_dmm31,
      note          =
"J. Cao, talk at ICHEP2012 in Melbourne."
}

@article{Dueck:2011hu,
      author         = "Dueck, Alexander and Rodejohann, Werner and Zuber, Kai",
      title          = "{Neutrinoless Double Beta Decay, the Inverted Hierarchy
                        and Precision Determination of theta(12)}",
      journal        = "Phys.Rev.",
      volume         = "D83",
      pages          = "113010",
      doi            = "10.1103/PhysRevD.83.113010",
      year           = "2011",
      eprint         = "1103.4152",
      archivePrefix  = "arXiv",
      primaryClass   = "hep-ph",
      SLACcitation   = "%%CITATION = ARXIV:1103.4152;%%",
}

@article{Petcov:2005yq,
      author         = "Petcov, S. T.",
      title          = "{Theoretical prospects of neutrinoless double beta
                        decay}",
      journal        = "Phys.Scripta",
      volume         = "T121",
      pages          = "94-101",
      doi            = "10.1088/0031-8949/2005/T121/013",
      year           = "2005",
      eprint         = "hep-ph/0504166",
      archivePrefix  = "arXiv",
      primaryClass   = "hep-ph",
      reportNumber   = "SISSA-13-2005-EP",
      SLACcitation   = "%%CITATION = HEP-PH/0504166;%%",
}

@article{Pascoli:2002ae,
      author         = "Pascoli, S. and Petcov, S. T. and Rodejohann, W.",
      title          = "{On the neutrino mass spectrum and neutrinoless double
                        beta decay}",
      journal        = "Phys.Lett.",
      volume         = "B558",
      pages          = "141-156",
      doi            = "10.1016/S0370-2693(03)00275-2",
      year           = "2003",
      eprint         = "hep-ph/0212113",
      archivePrefix  = "arXiv",
      primaryClass   = "hep-ph",
      reportNumber   = "SISSA-89-2002-EP, UCLA-02-TEP-38",
      SLACcitation   = "%%CITATION = HEP-PH/0212113;%%",
}

@article{Pascoli:2002xq,
      author         = "Pascoli, S. and Petcov, S. T.",
      title          = "{The SNO solar neutrino data, neutrinoless double beta
                        decay and neutrino mass spectrum}",
      journal        = "Phys.Lett.",
      volume         = "B544",
      pages          = "239-250",
      doi            = "10.1016/S0370-2693(02)02510-8",
      year           = "2002",
      eprint         = "hep-ph/0205022",
      archivePrefix  = "arXiv",
      primaryClass   = "hep-ph",
      reportNumber   = "SISSA-33-2002-EP",
      SLACcitation   = "%%CITATION = HEP-PH/0205022;%%",
}

@article{Feruglio:2002af,
      author         = "Feruglio, Ferruccio and Strumia, Alessandro and Vissani,
                        Francesco",
      title          = "{Neutrino oscillations and signals in beta and 0nu2beta
                        experiments}",
      journal        = "Nucl.Phys.",
      volume         = "B637",
      pages          = "345-377",
      doi            = "10.1016/S0550-3213(02)00345-0",
      year           = "2002",
      eprint         = "hep-ph/0201291",
      archivePrefix  = "arXiv",
      primaryClass   = "hep-ph",
      reportNumber   = "CERN-TH-2002-13, IFUP-TH-2002-1",
      SLACcitation   = "%%CITATION = HEP-PH/0201291;%%",
}

@article{Pascoli:2001by,
      author         = "Pascoli, S. and Petcov, S. T. and Wolfenstein, L.",
      title          = "{Searching for the CP violation associated with Majorana
                        neutrinos}",
      journal        = "Phys.Lett.",
      volume         = "B524",
      pages          = "319-331",
      doi            = "10.1016/S0370-2693(01)01403-4",
      year           = "2002",
      eprint         = "hep-ph/0110287",
      archivePrefix  = "arXiv",
      primaryClass   = "hep-ph",
      reportNumber   = "SISSA-81-2001-EP",
      SLACcitation   = "%%CITATION = HEP-PH/0110287;%%",
}

@article{Bilenky:2001rz,
      author         = "Bilenky, Samoil M. and Pascoli, S. and Petcov, S. T.",
      title          = "{Majorana neutrinos, neutrino mass spectrum, CP violation
                        and neutrinoless double beta decay. 1. The Three neutrino
                        mixing case}",
      journal        = "Phys.Rev.",
      volume         = "D64",
      pages          = "053010",
      doi            = "10.1103/PhysRevD.64.053010",
      year           = "2001",
      eprint         = "hep-ph/0102265",
      archivePrefix  = "arXiv",
      primaryClass   = "hep-ph",
      reportNumber   = "SISSA-1-2001-EP",
      SLACcitation   = "%%CITATION = HEP-PH/0102265;%%",
}

@article{KlapdorKleingrothaus:2000gr,
      author         = "Klapdor-Kleingrothaus, H. V. and Pas, H. and Smirnov,
                        A. Y.",
      title          = "{Neutrino mass spectrum and neutrinoless double beta
                        decay}",
      journal        = "Phys.Rev.",
      volume         = "D63",
      pages          = "073005",
      doi            = "10.1103/PhysRevD.63.073005",
      year           = "2001",
      eprint         = "hep-ph/0003219",
      archivePrefix  = "arXiv",
      primaryClass   = "hep-ph",
      SLACcitation   = "%%CITATION = HEP-PH/0003219;%%",
}

@article{Bilenky:1999wz,
      author         = "Bilenky, Samoil M. and Giunti, C. and Grimus, W. and
                        Kayser, Boris and Petcov, S. T.",
      title          = "{Constraints from neutrino oscillation experiments on the
                        effective Majorana mass in neutrinoless double beta
                        decay}",
      journal        = "Phys.Lett.",
      volume         = "B465",
      pages          = "193-202",
      doi            = "10.1016/S0370-2693(99)00998-3",
      year           = "1999",
      eprint         = "hep-ph/9907234",
      archivePrefix  = "arXiv",
      primaryClass   = "hep-ph",
      reportNumber   = "UWTHPH-1999-41, DFTT-36-99",
      SLACcitation   = "%%CITATION = HEP-PH/9907234;%%",
}

@article{Barger:2005it,
      author         = "Barger, V. and Huber, Patrick and Marfatia, Danny",
      title          = "{Supernova neutrinos can tell us the neutrino mass
                        hierarchy independently of flux models}",
      journal        = "Phys.Lett.",
      volume         = "B617",
      pages          = "167-173",
      doi            = "10.1016/j.physletb.2005.05.017",
      year           = "2005",
      eprint         = "hep-ph/0501184",
      archivePrefix  = "arXiv",
      primaryClass   = "hep-ph",
      reportNumber   = "MADPH-05-1413",
      SLACcitation   = "%%CITATION = HEP-PH/0501184;%%",
}

@article{Dighe:2003jg,
      author         = "Dighe, Amol S. and Keil, Mathias T. and Raffelt, Georg
                        G.",
      title          = "{Identifying earth matter effects on supernova neutrinos
                        at a single detector}",
      journal        = "JCAP",
      volume         = "0306",
      pages          = "006",
      doi            = "10.1088/1475-7516/2003/06/006",
      year           = "2003",
      eprint         = "hep-ph/0304150",
      archivePrefix  = "arXiv",
      primaryClass   = "hep-ph",
      reportNumber   = "MPI-PHT-2003-17",
      SLACcitation   = "%%CITATION = HEP-PH/0304150;%%",
}

@article{Dighe:2003be,
      author         = "Dighe, Amol S. and Keil, Mathias T. and Raffelt, Georg
                        G.",
      title          = "{Detecting the neutrino mass hierarchy with a supernova
                        at IceCube}",
      journal        = "JCAP",
      volume         = "0306",
      pages          = "005",
      doi            = "10.1088/1475-7516/2003/06/005",
      year           = "2003",
      eprint         = "hep-ph/0303210",
      archivePrefix  = "arXiv",
      primaryClass   = "hep-ph",
      reportNumber   = "MPI-PHT-2003-13",
      SLACcitation   = "%%CITATION = HEP-PH/0303210;%%",
}

@article{Lunardini:2003eh,
      author         = "Lunardini, Cecilia and Smirnov, Alexei Yu.",
      title          = "{Probing the neutrino mass hierarchy and the 13 mixing
                        with supernovae}",
      journal        = "JCAP",
      volume         = "0306",
      pages          = "009",
      doi            = "10.1088/1475-7516/2003/06/009",
      year           = "2003",
      eprint         = "hep-ph/0302033",
      archivePrefix  = "arXiv",
      primaryClass   = "hep-ph",
      reportNumber   = "NSF-KITP-03-12",
      SLACcitation   = "%%CITATION = HEP-PH/0302033;%%",
}

@article{Barger:2002px,
      author         = "Barger, V. and Marfatia, D. and Wood, B. P.",
      title          = "{Supernova 1987A did not test the neutrino mass
                        hierarchy}",
      journal        = "Phys.Lett.",
      volume         = "B532",
      pages          = "19-28",
      doi            = "10.1016/S0370-2693(02)01546-0",
      year           = "2002",
      eprint         = "hep-ph/0202158",
      archivePrefix  = "arXiv",
      primaryClass   = "hep-ph",
      reportNumber   = "MADPH-02-1257",
      SLACcitation   = "%%CITATION = HEP-PH/0202158;%%",
}

@article{Minakata:2000rx,
      author         = "Minakata, Hisakazu and Nunokawa, Hiroshi",
      title          = "{Inverted hierarchy of neutrino masses disfavored by
                        supernova 1987A}",
      journal        = "Phys.Lett.",
      volume         = "B504",
      pages          = "301-308",
      doi            = "10.1016/S0370-2693(01)00254-4",
      year           = "2001",
      eprint         = "hep-ph/0010240",
      archivePrefix  = "arXiv",
      primaryClass   = "hep-ph",
      reportNumber   = "TMUP-HEL-0019, KIAS-P00067",
      SLACcitation   = "%%CITATION = HEP-PH/0010240;%%",
}

@article{Dighe:1999bi,
      author         = "Dighe, Amol S. and Smirnov, Alexei Yu.",
      title          = "{Identifying the neutrino mass spectrum from the neutrino
                        burst from a supernova}",
      journal        = "Phys.Rev.",
      volume         = "D62",
      pages          = "033007",
      doi            = "10.1103/PhysRevD.62.033007",
      year           = "2000",
      eprint         = "hep-ph/9907423",
      archivePrefix  = "arXiv",
      primaryClass   = "hep-ph",
      reportNumber   = "IC-99-83",
      SLACcitation   = "%%CITATION = HEP-PH/9907423;%%",
}

@article{Petcov:2005rv,
      author         = "Petcov, S. T. and Schwetz, T.",
      title          = "{Determining the neutrino mass hierarchy with atmospheric
                        neutrinos}",
      journal        = "Nucl.Phys.",
      volume         = "B740",
      pages          = "1-22",
      doi            = "10.1016/j.nuclphysb.2006.01.020",
      year           = "2006",
      eprint         = "hep-ph/0511277",
      archivePrefix  = "arXiv",
      primaryClass   = "hep-ph",
      reportNumber   = "SISSA-94-2005-EP",
      SLACcitation   = "%%CITATION = HEP-PH/0511277;%%",
}

@article{Gandhi:2005wa,
      author         = "Gandhi, Raj and Ghoshal, Pomita and Goswami, Srubabati
                        and Mehta, Poonam and Uma Sankar, S",
      title          = "{Probing the nu mass hierarchy via atmospheric nu(mu) +
                        anti-nu(mu) survival rates in megaton water Cerenkov
                        detectors}",
      year           = "2005",
      eprint         = "hep-ph/0506145",
      archivePrefix  = "arXiv",
      primaryClass   = "hep-ph",
      SLACcitation   = "%%CITATION = HEP-PH/0506145;%%",
}

@article{PalomaresRuiz:2004tk,
      author         = "Palomares-Ruiz, Sergio and Petcov, S. T.",
      title          = "{Three-neutrino oscillations of atmospheric neutrinos,
                        theta(13), neutrino mass hierarchy and iron magnetized
                        detectors}",
      journal        = "Nucl.Phys.",
      volume         = "B712",
      pages          = "392-410",
      doi            = "10.1016/j.nuclphysb.2005.01.045",
      year           = "2005",
      eprint         = "hep-ph/0406096",
      archivePrefix  = "arXiv",
      primaryClass   = "hep-ph",
      reportNumber   = "SISSA-35-04-EP, UCLA-04-TEP-24",
      SLACcitation   = "%%CITATION = HEP-PH/0406096;%%",
}

@article{Hagiwara:2012mg,
      author         = "Hagiwara, Kaoru and Kiwanami, Takayuki and Okamura,
                        Naotoshi and Senda, Ken-ichi",
      title          = "{Physics potential of neutrino oscillation experiment
                        with a far detector in Oki Island along the T2K baseline}",
      year           = "2012",
      eprint         = "1209.2763",
      archivePrefix  = "arXiv",
      primaryClass   = "hep-ph",
      reportNumber   = "KEK-TH-1568",
      SLACcitation   = "%%CITATION = ARXIV:1209.2763;%%",
}

@article{Hagiwara:2009bb,
      author         = "Hagiwara, Kaoru and Okamura, Naotoshi",
      title          = "{Re-evaluation of the T2KK physics potential with
                        simulations including backgrounds}",
      journal        = "JHEP",
      volume         = "0907",
      pages          = "031",
      doi            = "10.1088/1126-6708/2009/07/031",
      year           = "2009",
      eprint         = "0901.1517",
      archivePrefix  = "arXiv",
      primaryClass   = "hep-ph",
      reportNumber   = "KEK-TH-1268",
      SLACcitation   = "%%CITATION = ARXIV:0901.1517;%%",
}

@article{Hagiwara:2006nn,
      author         = "Hagiwara, Kaoru and Okamura, Naotoshi",
      title          = "{Solving the degeneracy of the lepton-flavor mixing angle
                        theta(ATM) by the T2KK two detector neutrino oscillation
                        experiment}",
      journal        = "JHEP",
      volume         = "0801",
      pages          = "022",
      doi            = "10.1088/1126-6708/2008/01/022",
      year           = "2008",
      eprint         = "hep-ph/0611058",
      archivePrefix  = "arXiv",
      primaryClass   = "hep-ph",
      reportNumber   = "KEK-TH-1109, YITP-06-48",
      SLACcitation   = "%%CITATION = HEP-PH/0611058;%%",
}

@article{Kajita:2006bt,
      author         = "Kajita, Takaaki and Minakata, Hisakazu and Nakayama,
                        Shoei and Nunokawa, Hiroshi",
      title          = "{Resolving eight-fold neutrino parameter degeneracy by
                        two identical detectors with different baselines}",
      journal        = "Phys.Rev.",
      volume         = "D75",
      pages          = "013006",
      doi            = "10.1103/PhysRevD.75.013006",
      year           = "2007",
      eprint         = "hep-ph/0609286",
      archivePrefix  = "arXiv",
      primaryClass   = "hep-ph",
      SLACcitation   = "%%CITATION = HEP-PH/0609286;%%",
}

@article{Hagiwara:2006vn,
      author         = "Hagiwara, Kaoru and Okamura, Naotoshi and Senda,
                        Ken-ichi",
      title          = "{Physics potential of T2KK: An Extension of the T2K
                        neutrino oscillation experiment with a far detector in
                        Korea}",
      journal        = "Phys.Rev.",
      volume         = "D76",
      pages          = "093002",
      doi            = "10.1103/PhysRevD.76.093002",
      year           = "2007",
      eprint         = "hep-ph/0607255",
      archivePrefix  = "arXiv",
      primaryClass   = "hep-ph",
      reportNumber   = "YITP-06-29, KEK-TH-1091",
      SLACcitation   = "%%CITATION = HEP-PH/0607255;%%",
}

@article{Hagiwara:2005pe,
      author         = "Hagiwara, Kaoru and Okamura, Naotoshi and Senda,
                        Ken-ichi",
      title          = "{Solving the neutrino parameter degeneracy by measuring
                        the T2K off-axis beam in Korea}",
      journal        = "Phys.Lett.",
      volume         = "B637",
      pages          = "266-273",
      doi            = "10.1016/j.physletb.2006.09.003,
                        10.1016/j.physletb.2006.04.041",
      year           = "2006",
      eprint         = "hep-ph/0504061",
      archivePrefix  = "arXiv",
      primaryClass   = "hep-ph",
      reportNumber   = "KEK-TH-1011, KIAS-P05024",
      SLACcitation   = "%%CITATION = HEP-PH/0504061;%%",
}

@article{Ishitsuka:2005qi,
      author         = "Ishitsuka, Masaki and Kajita, Takaaki and Minakata,
                        Hisakazu and Nunokawa, Hiroshi",
      title          = "{Resolving neutrino mass hierarchy and CP degeneracy by
                        two identical detectors with different baselines}",
      journal        = "Phys.Rev.",
      volume         = "D72",
      pages          = "033003",
      doi            = "10.1103/PhysRevD.72.033003",
      year           = "2005",
      eprint         = "hep-ph/0504026",
      archivePrefix  = "arXiv",
      primaryClass   = "hep-ph",
      SLACcitation   = "%%CITATION = HEP-PH/0504026;%%",
}

@article{Aoki:2001rc,
      author         = "Aoki, M. and Hagiwara, Kaoru and Hayato, Y. and
                        Kobayashi, T. and Nakaya, T. and Nishikawa, K. and Okamura, N.",
      title          = "{Prospects of very long baseline neutrino oscillation
                        experiments with the KEK / JAERI high intensity proton
                        accelerator}",
      journal        = "Phys.Rev.",
      volume         = "D67",
      pages          = "093004",
      doi            = "10.1103/PhysRevD.67.093004",
      year           = "2003",
      eprint         = "hep-ph/0112338",
      archivePrefix  = "arXiv",
      primaryClass   = "hep-ph",
      reportNumber   = "KEK-TH-798, VPI-IPPAP-01-03",
      SLACcitation   = "%%CITATION = HEP-PH/0112338;%%",
}

@article{Chen:2001eq,
      author         = "Chen, He-sheng and others",
      title          = "{Prospect of a very long baseline neutrino oscillation
                        experiment: HIPA to Beijing}",
      collaboration  = "VLBL Study Group H2B-1",
      year           = "2001",
      eprint         = "hep-ph/0104266",
      archivePrefix  = "arXiv",
      primaryClass   = "hep-ph",
      reportNumber   = "IHEP-EP-2001-01, AS-ITP-2001-004, AMES-HEP-01-01",
      SLACcitation   = "%%CITATION = HEP-PH/0104266;%%",
}

@article{Dusini:2012vc,
      author         = "Dusini, S. and Longhin, A. and Mezzetto, M. and Patrizii,
                        L. and Sioli, M. and Sirri, G. and Terranova, F.",
      title          = "{CP violation and mass hierarchy at medium baselines in
                        the large theta(13) era}",
      year           = "2012",
      eprint         = "1209.5010",
      archivePrefix  = "arXiv",
      primaryClass   = "hep-ph",
      SLACcitation   = "%%CITATION = ARXIV:1209.5010;%%",
}

@article{Blennow:2012gj,
      author         = "Blennow, Mattias and Schwetz, Thomas",
      title          = "{Identifying the Neutrino mass Ordering with INO and
                        NOvA}",
      journal        = "JHEP",
      volume         = "1208",
      pages          = "058",
      doi            = "10.1007/JHEP08(2012)058, 10.1007/JHEP11(2012)098",
      year           = "2012",
      eprint         = "1203.3388",
      archivePrefix  = "arXiv",
      primaryClass   = "hep-ph",
      SLACcitation   = "%%CITATION = ARXIV:1203.3388;%%",
}

@article{Qian:2012zn,
      author         = "Qian, X. and Tan, A. and Wang, W. and Ling, J. J. and
                        McKeown, R. D. and Zhang, C.",
      title          = "{Statistical Evaluation of Experimental Determinations of
                        Neutrino Mass Hierarchy}",
      year           = "2012",
      eprint         = "1210.3651",
      archivePrefix  = "arXiv",
      primaryClass   = "hep-ph",
      SLACcitation   = "%%CITATION = ARXIV:1210.3651;%%",
}

@article{An:2012bu,
      author         = "An, F. P. and others",
      title          = "{Improved Measurement of Electron Antineutrino
                        Disappearance at Daya Bay}",
      collaboration  = "Daya Bay Collaboration",
      year           = "2012",
      eprint         = "1210.6327",
      archivePrefix  = "arXiv",
      primaryClass   = "hep-ex",
      SLACcitation   = "%%CITATION = ARXIV:1210.6327;%%",
}

@article{Vogel:1999zy,
      author         = "Vogel, P. and Beacom, John F.",
      title          = "{Angular distribution of neutron inverse beta decay,
                        anti-neutrino(e) + p ---&gt; e+ + n}",
      journal        = "Phys.Rev.",
      volume         = "D60",
      pages          = "053003",
      doi            = "10.1103/PhysRevD.60.053003",
      year           = "1999",
      eprint         = "hep-ph/9903554",
      archivePrefix  = "arXiv",
      primaryClass   = "hep-ph",
      SLACcitation   = "%%CITATION = HEP-PH/9903554;%%",
}

@article{Pontecorvo:1957cp,
      author         = "Pontecorvo, B.",
      title          = "{Mesonium and anti-mesonium}",
      journal        = "Sov.Phys.JETP",
      volume         = "6",
      pages          = "429",
      year           = "1957",
      SLACcitation   = "%%CITATION = SPHJA,6,429;%%",
      others         = "; 7 (1958) 172"
}

@article{Minakata:2003ca,
      author         = "Minakata, Hisakazu and Nunokawa, Hiroshi and Parke,
                        Stephen J.",
      title          = "{The Complementarity of eastern and western hemisphere
                        long baseline neutrino oscillation experiments}",
      journal        = "Phys.Rev.",
      volume         = "D68",
      pages          = "013010",
      doi            = "10.1103/PhysRevD.68.013010",
      year           = "2003",
      eprint         = "hep-ph/0301210",
      archivePrefix  = "arXiv",
      primaryClass   = "hep-ph",
      reportNumber   = "FERMILAB-PUB-03-016-T, IFT-P-002-2003",
      SLACcitation   = "%%CITATION = HEP-PH/0301210;%%",
}

@article{Barger:2001yr,
      author         = "Barger, V. and Marfatia, D. and Whisnant, K.",
      title          = "{Breaking eight fold degeneracies in neutrino CP
                        violation, mixing, and mass hierarchy}",
      journal        = "Phys.Rev.",
      volume         = "D65",
      pages          = "073023",
      doi            = "10.1103/PhysRevD.65.073023",
      year           = "2002",
      eprint         = "hep-ph/0112119",
      archivePrefix  = "arXiv",
      primaryClass   = "hep-ph",
      reportNumber   = "AMES-HET-01-12, BUHEP-01-32, MADPH-01-1250",
      SLACcitation   = "%%CITATION = HEP-PH/0112119;%%",
}

@article{Minakata:2001qm,
      author         = "Minakata, Hisakazu and Nunokawa, Hiroshi",
      title          = "{Exploring neutrino mixing with low-energy superbeams}",
      journal        = "JHEP",
      volume         = "0110",
      pages          = "001",
      year           = "2001",
      eprint         = "hep-ph/0108085",
      archivePrefix  = "arXiv",
      primaryClass   = "hep-ph",
      SLACcitation   = "%%CITATION = HEP-PH/0108085;%%",
}

@article{Huber:2002mx,
      author         = "Huber, Patrick and Lindner, Manfred and Winter, Walter",
      title          = "{Superbeams versus neutrino factories}",
      journal        = "Nucl.Phys.",
      volume         = "B645",
      pages          = "3",
      doi            = "10.1016/S0550-3213(02)00825-8",
      year           = "2002",
      eprint         = "hep-ph/0204352",
      archivePrefix  = "arXiv",
      primaryClass   = "hep-ph",
      reportNumber   = "TUM-HEP-462-02",
      SLACcitation   = "%%CITATION = HEP-PH/0204352;%%",
}

@article{Petcov:2001sy,
      author         = "Petcov, S. T. and Piai, M.",
      title          = "{The LMA MSW solution of the solar neutrino problem,
                        inverted neutrino mass hierarchy and reactor neutrino
                        experiments}",
      journal        = "Phys.Lett.",
      volume         = "B533",
      pages          = "94",
      doi            = "10.1016/S0370-2693(02)01591-5",
      year           = "2002",
      eprint         = "hep-ph/0112074",
      archivePrefix  = "arXiv",
      primaryClass   = "hep-ph",
      SLACcitation   = "%%CITATION = HEP-PH/0112074;%%",
}

@article{Ciuffoli:2012bs,
      author         = "Ciuffoli, Emilio and Evslin, Jarah and Zhang, Xinmin",
      title          = "{Mass Hierarchy Determination Using Neutrinos from
                        Multiple Reactors}",
      year           = "2012",
      eprint         = "1209.2227",
      archivePrefix  = "arXiv",
      primaryClass   = "hep-ph",
      SLACcitation   = "%%CITATION = ARXIV:1209.2227;%%",
}

@article{Ghoshal:2010wt,
      author         = "Ghoshal, Pomita and Petcov, S. T.",
      title          = "{Neutrino Mass Hierarchy Determination Using Reactor
                        Antineutrinos}",
      journal        = "JHEP",
      volume         = "1103",
      pages          = "058",
      doi            = "10.1007/JHEP03(2011)058",
      year           = "2011",
      eprint         = "1011.1646",
      archivePrefix  = "arXiv",
      primaryClass   = "hep-ph",
      reportNumber   = "REF.-ISSI-77-2010-EP",
      SLACcitation   = "%%CITATION = ARXIV:1011.1646;%%",
}

@article{Machado:2011ar,
      author         = "Machado, P. A. N. and Minakata, H. and Nunokawa, H. and
                        Zukanovich Funchal, R.",
      title          = "{Combining Accelerator and Reactor Measurements of
                        theta_13: The First Result}",
      journal        = "JHEP",
      volume         = "1205",
      pages          = "023",
      doi            = "10.1007/JHEP05(2012)023",
      year           = "2012",
      eprint         = "1111.3330",
      archivePrefix  = "arXiv",
      primaryClass   = "hep-ph",
      SLACcitation   = "%%CITATION = ARXIV:1111.3330;%%",
}

@article{Batygov:2008ku,
      author         = "Batygov, Mikhail and Dye, Stephen and Learned, John and
                        Matsuno, Shigenobu and Pakvasa, Sandip and Varner, Gary",
      title          = "{Prospects of neutrino oscillation measurements in the
                        detection of reactor antineutrinos with a medium-baseline
                        experiment}",
      year           = "2008",
      eprint         = "0810.2580",
      archivePrefix  = "arXiv",
      primaryClass   = "hep-ph",
      SLACcitation   = "%%CITATION = ARXIV:0810.2580;%%",
}

@article{Huber:2004xh,
      author         = "Huber, Patrick and Schwetz, Thomas",
      title          = "{Precision spectroscopy with reactor anti-neutrinos}",
      journal        = "Phys.Rev.",
      volume         = "D70",
      pages          = "053011",
      doi            = "10.1103/PhysRevD.70.053011",
      year           = "2004",
      eprint         = "hep-ph/0407026",
      archivePrefix  = "arXiv",
      primaryClass   = "hep-ph",
      reportNumber   = "TUM-HEP-522-04",
      SLACcitation   = "%%CITATION = HEP-PH/0407026;%%",
}

@article{Beringer:1900zz,
      author         = "Beringer, J. and others",
      title          = "{Review of Particle Physics (RPP)}",
      collaboration  = "Particle Data Group",
      journal        = "Phys.Rev.",
      volume         = "D86",
      pages          = "010001",
      doi            = "10.1103/PhysRevD.86.010001",
      year           = "2012",
      SLACcitation   = "%%CITATION = PHRVA,D86,010001;%%",
}

@article{Vogel:1989iv,
      author         = "Vogel, P. and Engel, J.",
      title          = "{Neutrino Electromagnetic Form-Factors}",
      journal        = "Phys.Rev.",
      volume         = "D39",
      pages          = "3378",
      doi            = "10.1103/PhysRevD.39.3378",
      year           = "1989",
      reportNumber   = "CALT-63-539",
      SLACcitation   = "%%CITATION = PHRVA,D39,3378;%%",
}

@article{Bemporad:2001qy,
      author         = "Bemporad, Carlo and Gratta, Giorgio and Vogel, Petr",
      title          = "{Reactor based neutrino oscillation experiments}",
      journal        = "Rev.Mod.Phys.",
      volume         = "74",
      pages          = "297",
      doi            = "10.1103/RevModPhys.74.297",
      year           = "2002",
      eprint         = "hep-ph/0107277",
      archivePrefix  = "arXiv",
      primaryClass   = "hep-ph",
      SLACcitation   = "%%CITATION = HEP-PH/0107277;%%",
}

@article{Caldwell:1995vi,
      author         = "Caldwell, David O. and Mohapatra, Rabindra N.",
      title          = "{An inverted neutrino mass hierarchy for hot dark matter
                        and the solar neutrino deficit}",
      journal        = "Phys.Lett.",
      volume         = "B354",
      pages          = "371",
      doi            = "10.1016/0370-2693(95)00727-3",
      year           = "1995",
      eprint         = "hep-ph/9503316",
      archivePrefix  = "arXiv",
      primaryClass   = "hep-ph",
      reportNumber   = "UCSB-HEP-95-1, UMD-PP-95-107",
      SLACcitation   = "%%CITATION = HEP-PH/9503316;%%",
}

@article{Mohapatra:2006gs,
      author         = "Mohapatra, R. N. and Smirnov, A. Y.",
      title          = "{Neutrino Mass and New Physics}",
      journal        = "Ann.Rev.Nucl.Part.Sci.",
      volume         = "56",
      pages          = "569",
      doi            = "10.1088/1742-6596/53/1/003",
      year           = "2006",
      eprint         = "hep-ph/0603118",
      archivePrefix  = "arXiv",
      primaryClass   = "hep-ph",
      SLACcitation   = "%%CITATION = HEP-PH/0603118;%%",
}

@article{Ghoshal:2012ju,
      author         = "Ghoshal, Pomita and Petcov, S. T.",
      title          = "{Addendum: Neutrino Mass Hierarchy Determination Using
                        Reactor Antineutrinos}",
      year           = "2012",
      eprint         = "1208.6473",
      archivePrefix  = "arXiv",
      primaryClass   = "hep-ph",
      SLACcitation   = "%%CITATION = ARXIV:1208.6473;%%",
}

@article{Ciuffoli:2012iz,
      author         = "Ciuffoli, Emilio and Evslin, Jarah and Zhang, Xinmin",
      title          = "{The Neutrino Mass Hierarchy at Reactor Experiments now
                        that theta13 is Large}",
      year           = "2012",
      eprint         = "1208.1991",
      archivePrefix  = "arXiv",
      primaryClass   = "hep-ex",
      SLACcitation   = "%%CITATION = ARXIV:1208.1991;%%",
}

@article{Schonert:2002ep,
      author         = "Schonert, Stefan and Lasserre, Thierry and Oberauer,
                        Lothar",
      title          = "{The HLMA project: Determination of high Delta m**2 LMA
                        mixing parameters and constraint on |U(e3)| with a new
                        reactor neutrino experiment}",
      journal        = "Astropart.Phys.",
      volume         = "18",
      pages          = "565",
      doi            = "10.1016/S0927-6505(02)00181-0",
      year           = "2003",
      eprint         = "hep-ex/0203013",
      archivePrefix  = "arXiv",
      primaryClass   = "hep-ex",
      reportNumber   = "DAPNIA-02-64",
      SLACcitation   = "%%CITATION = HEP-EX/0203013;%%",
}

@article{Choubey:2003qx,
      author         = "Choubey, Sandhya and Petcov, S. T. and Piai, M.",
      title          = "{Precision neutrino oscillation physics with an
                        intermediate baseline reactor neutrino experiment}",
      journal        = "Phys.Rev.",
      volume         = "D68",
      pages          = "113006",
      doi            = "10.1103/PhysRevD.68.113006",
      year           = "2003",
      eprint         = "hep-ph/0306017",
      archivePrefix  = "arXiv",
      primaryClass   = "hep-ph",
      SLACcitation   = "%%CITATION = HEP-PH/0306017;%%",
}

@article{Maki:1962mu,
      author         = "Maki, Ziro and Nakagawa, Masami and Sakata, Shoichi",
      title          = "{Remarks on the unified model of elementary particles}",
      journal        = "Prog.Theor.Phys.",
      volume         = "28",
      pages          = "870",
      doi            = "10.1143/PTP.28.870",
      year           = "1962",
      SLACcitation   = "%%CITATION = PTPKA,28,870;%%",
}

@article{Pontecorvo:1957cp,
      author         = "Pontecorvo, B.",
      title          = "{Mesonium and anti-mesonium}",
      journal        = "Sov.Phys.JETP",
      volume         = "6",
      pages          = "429",
      year           = "1957",
      SLACcitation   = "%%CITATION = SPHJA,6,429;%%",
}

@article{Pontecorvo:1957qd,
      author         = "Pontecorvo, B.",
      title          = "{Inverse beta processes and nonconservation of lepton
                        charge}",
      journal        = "Sov.Phys.JETP",
      volume         = "7",
      pages          = "172",
      year           = "1958",
      SLACcitation   = "%%CITATION = SPHJA,7,172;%%",
}

@article{Learned:2006wy,
      author         = "Learned, John and Dye, Stephen T. and Pakvasa, Sandip and
                        Svoboda, Robert C.",
      title          = "{Determination of neutrino mass hierarchy and theta(13)
                        with a remote detector of reactor antineutrinos}",
      journal        = "Phys.Rev.",
      volume         = "D78",
      pages          = "071302",
      doi            = "10.1103/PhysRevD.78.071302",
      year           = "2008",
      eprint         = "hep-ex/0612022",
      archivePrefix  = "arXiv",
      primaryClass   = "hep-ex",
      SLACcitation   = "%%CITATION = HEP-EX/0612022;%%",
}

@article{Minakata:2007tn,
      author         = "Minakata, Hisakazu and Nunokawa, Hiroshi and Parke,
                        Stephen J. and Zukanovich Funchal, Renata",
      title          = "{Determination of the neutrino mass hierarchy via the
                        phase of the disappearance oscillation probability with a
                        monochromatic anti-electron-neutrino source}",
      journal        = "Phys.Rev.",
      volume         = "D76",
      pages          = "053004",
      doi            = "10.1103/PhysRevD.76.079901, 10.1103/PhysRevD.76.053004",
      year           = "2007",
      eprint         = "hep-ph/0701151",
      archivePrefix  = "arXiv",
      primaryClass   = "hep-ph",
      reportNumber   = "FERMILAB-PUB-07-028-T",
      SLACcitation   = "%%CITATION = HEP-PH/0701151;%%",
}

@article{Qian:2012xh,
      author         = "Qian, X. and Dwyer, D. A. and McKeown, R. D. and Vogel, P.
                        and Wang, W. and Zhang, C.",
      title          = "{Mass Hierarchy Resolution in Reactor Anti-neutrino
                        Experiments: Parameter Degeneracies and Detector Energy
                        Response}",
      year           = "2012",
      eprint         = "1208.1551",
      archivePrefix  = "arXiv",
      primaryClass   = "hep-ex",
      SLACcitation   = "%%CITATION = ARXIV:1208.1551;%%",
}

@article{Zhan:2009rs,
      author         = "Zhan, Liang and Wang, Yifang and Cao, Jun and Wen,
                        Liangjian",
      title          = "{Experimental Requirements to Determine the Neutrino Mass
                        Hierarchy Using Reactor Neutrinos}",
      journal        = "Phys.Rev.",
      volume         = "D79",
      pages          = "073007",
      doi            = "10.1103/PhysRevD.79.073007",
      year           = "2009",
      eprint         = "0901.2976",
      archivePrefix  = "arXiv",
      primaryClass   = "hep-ex",
      SLACcitation   = "%%CITATION = ARXIV:0901.2976;%%",
}

@article{Hagiwara:2011kw,
      author         = "Hagiwara, Kaoru and Okamura, Naotoshi and Senda,
                        Kenichi",
      title          = "{The earth matter effects in neutrino oscillation
                        experiments from Tokai to Kamioka and Korea}",
      journal        = "JHEP",
      volume         = "1109",
      pages          = "082",
      doi            = "10.1007/JHEP09(2011)082",
      year           = "2011",
      eprint         = "1107.5857",
      archivePrefix  = "arXiv",
      primaryClass   = "hep-ph",
      reportNumber   = "KEK-TH1100",
      SLACcitation   = "%%CITATION = ARXIV:1107.5857;%%",
}

@article{Abe:2011fz,
      author         = "Abe, Y. and others",
      title          = "{Indication for the disappearance of reactor electron
                        antineutrinos in the Double Chooz experiment}",
      collaboration  = "DOUBLE-CHOOZ Collaboration",
      journal        = "Phys.Rev.Lett.",
      volume         = "108",
      pages          = "131801",
      doi            = "10.1103/PhysRevLett.108.131801",
      year           = "2012",
      eprint         = "1112.6353",
      archivePrefix  = "arXiv",
      primaryClass   = "hep-ex",
      SLACcitation   = "%%CITATION = ARXIV:1112.6353;%%",
}

@article{An:2012eh,
      author         = "An, F. P. and others",
      title          = "{Observation of electron-antineutrino disappearance at
                        Daya Bay}",
      collaboration  = "Daya Bay Collaboration",
      journal        = "Phys.Rev.Lett.",
      volume         = "108",
      pages          = "171803",
      doi            = "10.1103/PhysRevLett.108.171803",
      year           = "2012",
      eprint         = "1203.1669",
      archivePrefix  = "arXiv",
      primaryClass   = "hep-ex",
      SLACcitation   = "%%CITATION = ARXIV:1203.1669;%%",
}

@article{Ahn:2012nd,
      author         = "Ahn, J. K. and others",
      title          = "{Observation of Reactor Electron Antineutrino
                        Disappearance in the RENO Experiment}",
      collaboration  = "RENO collaboration",
      journal        = "Phys.Rev.Lett.",
      volume         = "108",
      pages          = "191802",
      doi            = "10.1103/PhysRevLett.108.191802",
      year           = "2012",
      eprint         = "1204.0626",
      archivePrefix  = "arXiv",
      primaryClass   = "hep-ex",
      SLACcitation   = "%%CITATION = ARXIV:1204.0626;%%",
}

@article{Zhan:2008id,
      author         = "Zhan, Liang and Wang, Yifang and Cao, Jun and Wen,
                        Liangjian",
      title          = "{Determination of the Neutrino Mass Hierarchy at an
                        Intermediate Baseline}",
      journal        = "Phys.Rev.",
      volume         = "D78",
      pages          = "111103",
      doi            = "10.1103/PhysRevD.78.111103",
      year           = "2008",
      eprint         = "0807.3203",
      archivePrefix  = "arXiv",
      primaryClass   = "hep-ex",
      SLACcitation   = "%%CITATION = ARXIV:0807.3203;%%",
}